<?xml version="1.0" encoding="UTF-8"?><collection xmlns="http://www.loc.gov/MARC21/slim"><record><leader>00562nam--2200193-i-4500</leader><controlfield tag="001">000022914</controlfield><controlfield tag="002">20161230</controlfield><controlfield tag="005">20161230201034</controlfield><controlfield tag="008">060222s1000------------r-----000-0-eng-d</controlfield><datafield ind1=" " ind2=" " tag="040"><subfield code="a">IFIN-HH</subfield></datafield><datafield ind1=" " ind2=" " tag="080"><subfield code="a">538.56</subfield></datafield><datafield ind1="1" ind2=" " tag="100"><subfield code="a">Paris, Demetrius T</subfield></datafield><datafield ind1="1" ind2="0" tag="245"><subfield code="a">Basic electromagnetic theory</subfield><subfield code="c">Demetrius t. paris; kenneth f. hurd</subfield></datafield><datafield ind1=" " ind2=" " tag="260"><subfield code="a">Nwe York</subfield><subfield code="b">Mcgraw-hill Book Co</subfield><subfield code="c">1969</subfield></datafield><datafield ind1=" " ind2=" " tag="300"><subfield code="a">XIV + 591 P</subfield></datafield><datafield ind1=" " ind2=" " tag="490"><subfield code="a">Mcgrow-hill Physical And Quantum Electronics Series</subfield></datafield><datafield ind1="1" ind2=" " tag="700"><subfield code="a">Hurd, Kenneth F</subfield></datafield><datafield ind1=" " ind2=" " tag="852"><subfield code="a">32844</subfield><subfield code="c">537:538</subfield></datafield><datafield ind1=" " ind2=" " tag="CAT"><subfield code="a">Sys</subfield><subfield code="c">20110616</subfield><subfield code="h">124934</subfield></datafield></record></collection>